@article{killick2014changepoint,
  title={changepoint: An R package for changepoint analysis},
  author={Killick, R and Eckley, I},
  journal={Journal of statistical software},
  volume={58},
  number={3},
  pages={1--19},
  year={2014}
}

@article{morettin2006analise,
  title={An{\'a}lise de s{\'e}ries temporais},
  author={Morettin, P. A. and Toloi, C. M.},
  journal={ABE--Projeto Fisher, Editora Edgar Bl{\"u}cher},
  year={2006},
  publisher = {Blucher},
  addres = {São Paulo}
}

@article{aminikhanghahi2017survey,
  title={A survey of methods for time series change point detection},
  author={Aminikhanghahi, S. and Cook, D. J.},
  journal={Knowledge and information systems},
  volume={51},
  number={2},
  pages={339--367},
  year={2017},
  publisher={Springer}
}

@article{sugarcanesouth,
  title={A web platform development to perform thematic accuracy assessment of sugarcane mapping in South-Central Brazil},
  author={Adami, M. and Mello, M. P. and Aguiar, D. A. and Rudorff, B. F. T. and Souza, A. F.},
  journal={Remote Sensing},
  volume={4},
  number={10},
  pages={3201--3214},
  year={2012},
  publisher={Molecular Diversity Preservation International}
}

@article{conab,
  title={Cana-de-açúcar: Acompanhamento da safra brasileira: Cana-de-açúcar – Safra 2018/19 - Terceiro levantamento},
  author={Conab},
  journal={},
  year={2019},
  url={www.conab.gov.br/info-agro/safras/cana}
}

@inproceedings{gonccalves2012evi,
  title={Evi's estimation to improve the monitoring of sugarcane using TRMM satellite data},
  author={Gon{\c{c}}alves, R. R. V. and Zullo, J. and Coltri, P. P. and Romani, L. A. S.},
  booktitle={2012 IEEE International Geoscience and Remote Sensing Symposium},
  pages={6609--6612},
  year={2012},
  sortyear={1},
  organization={2012a, IEEE}
}


@conference{gonccalves2012relaccao,
  title={Relação entre o índice EVI e dados de precipitação nas áreas de plantio de cana-de-açúcar na região central do Brasil.},
  author={Gonçalves, R. R. V. and Zullo, J. and Coltri, P. P. and Avila, A. M. H. and Amaral, B. F. and de Sousa, E. B. M. and Romani, L. A. S.},
  pages={1054--1063},
  year={2012},
  sortyear={2},
  address={4º Simpósio de Geotecnologias no Pantanal - Geopantanal, Bonito, MS.},
  publisher={2012b, Anais - Geopantanal}
}

@phdthesis{orbitainpe,
  title={Classificação espectro-temporal de imagens orbitais para o mapeamento da colheita da cana-de-açúcar com queima da palha},
  author={Mello, M. P.},
  year={2009},
  school={MS dissertation, Nat. Inst. Space Res., S{\~a}o Jos{\'e} dos Campos, Brazil},
  address={São José dos Campos, INPE.},
  publisher={Anais - SBSR},
  pages={130}
}

@article{protocloagro,
  title={Análise espacial da redução da queima na colheita da cana-de-açúcar: perspectivas futuras ao cumprimento do protocolo agroambiental.},
  author={Novaes, M. R. de and Rudorff, B. F. T. and Almeida, C. M. de and Aguiar, D. A. de},
  volume={31},
  number={3},
  year={2011}
}

@article{rouse1974monitoring,
  title={Monitoring vegetation systems in the Great Plains with ERTS},
  author={Rouse, J. W. and Haas, R. H. and Schell, J. A. and Deering, D. W.},
  journal={NASA special publication},
  volume={351},
  pages={309},
  year={1974}
}

@article{rudorff2010studies,
  title={Studies on the rapid expansion of sugarcane for ethanol production in S{\~a}o Paulo State (Brazil) using Landsat data},
  author={Rudorff, B. F. T. and Aguiar, D. A. de and Silva, W. F. and Sugawara, L. M. and Adami, M. and Moreira, M. A.},
  journal={Remote sensing},
  volume={2},
  number={4},
  pages={1057--1076},
  year={2010},
  publisher={Molecular Diversity Preservation International}
}

@article{holben1986characteristics,
  title={Characteristics of maximum-value composite images from temporal AVHRR data},
  author={Holben, B. N.},
  journal={International journal of remote sensing},
  volume={7},
  number={11},
  pages={1417--1434},
  year={1986},
  publisher={Taylor \& Francis}
}

@article{aguiar2011remote,
  title={Remote sensing images in support of environmental protocol: Monitoring the sugarcane harvest in São Paulo State, Brazil},
  author={Aguiar, D. A. and Rudorff, B. F. T. and Silva, W. F. and Adami, M. and Mello, M. P.},
  journal={Remote Sensing},
  volume={3},
  number={12},
  pages={2682--2703},
  year={2011},
  publisher={Molecular Diversity Preservation International}
}

@article{killick2012optimal,
  title={Optimal detection of changepoints with a linear computational cost},
  author={Killick, R. and Fearnhead, P. and Eckley, I. A.},
  journal={Journal of the American Statistical Association},
  volume={107},
  number={500},
  pages={1590--1598},
  year={2012},
  publisher={Taylor \& Francis}
}

@article{garcia1991mapping,
  title={Mapping burns and natural reforestation using Thematic Mapper data},
  author={García, M. J. L. and Caselles, V.},
  journal={Geocarto International},
  volume={6},
  number={1},
  pages={31--37},
  year={1991},
  publisher={Taylor \& Francis}
}


@article{medianfilter,
author = {Schettlinger, K. and Fried, Roland and Gather, U.},
year = {2009},
month = {11},
pages = {346 - 362},
title = {Real‐time signal processing by adaptive repeated median filters},
volume = {24},
journal = {International Journal of Adaptive Control and Signal Processing},
doi = {10.1002/acs.1105}
}

@Manual{robfilter,
    title = {robfilter: Robust Time Series Filters},
    author = {Roland Fried and Karen Schettlinger and Matthias Borowski},
    year = {2019},
    note = {R package version 4.1.2},
    url = {https://CRAN.R-project.org/package=robfilter}
}

@misc{inpe,
  title = {Portal do Monitoramento de Queimadas e Inc\^{e}ndios Florestais},
  author = {INPE -- Instituto Nacional de Pesquisas Espaciais},
  url = {http://queimadas.dgi.inpe.br/queimadas/portal}
}