@book{cressie2011statistics,
  title={Statistics for Spatio-Temporal Data},
  author={CRESSIE, N.; WIKLE, C. K.},
  year={2011},
  publisher={Wiley},
  address={New York}
}

@book{cressie1993statistics,
  title={Statistics for Spatial Data, 2nd edition},
  author={CRESSIE, N.},
  year={1993},
  publisher={Wiley},
  address={New York}
}

@article{killick2014changepoint,
  title={changepoint: An R package for changepoint analysis},
  author={KILLICK, R.; ECKLEY, I.},
  journal={Journal of statistical software},
  volume={58},
  number={3},
  pages={1--19},
  year={2014}
}

@article{gamerman2010dynamic,
  title={Dynamic spatial models including spatial time series},
  author={GAMERMAN, D.},
  journal={Handbook of Spatial Statistics},
  pages={437--448},
  year={2010}
}

@article{aminikhanghahi2017survey,
  title={A survey of methods for time series change point detection},
  author={AMINIKHANGHAHI, S.; COOK, D. J.},
  journal={Knowledge and information systems},
  volume={51},
  number={2},
  pages={339--367},
  year={2017},
  publisher={Springer}
}

@book{morettin2006analise,
  title={An{\'a}lise de s{\'e}ries temporais},
  author={MORETTIN, P. A; TOLOI, C.},
  year={2006},
  publisher = {Blucher},
  addres = {São Paulo}
}

@article{besag1974spatial,
  title={Spatial interaction and the statistical analysis of lattice systems},
  author={BESAG, J.},
  journal={Journal of the Royal Statistical Society: Series B (Methodological)},
  volume={36},
  number={2},
  pages={192--225},
  year={1974},
  publisher={Wiley Online Library}
}

@article{sugarcanesouth,
  title={A Web Platform Development to Perform Thematic Accuracy Assessment of Sugarcane Mapping in South-Central Brazil},
  author={ADAMI, M.; MELLO, M. P.; AGUIAR, D. A.; RUDORFF, B. F. T.; SOUZA, A. F.},
  journal={Remote Sensing},
  volume={4},
  number={10},
  pages={3201--3214},
  year={2012},
  publisher={Wiley Online Library}
}

@article{conab,
  title={Cana-de-açúcar: Acompanhamento da safra brasileira: Cana-de-açúcar – Safra 2018/19 - Terceiro levantamento},
  author={Conab},
  journal={},
  year={2019},
  url={www.conab.gov.br/info-agro/safras/cana}
}

@conference{trmm,
  title={EVI'S estimation to improve the monitoring of sugarcane using TRMM satellite data.},
  author={GONÇALVES, R. R. V.; COLTRI, P. P.; ZULLO JUNIOR, J.; ROMANI, L. A. S.},
  booktitle={2012 IEEE International Geoscience and Remote Sensing Symposium},
  pages={6609--6612},
  year={2012a},
  organization={IEEE Geosciense and Remote Sensing Symposium (IGARSS 2012), 2012a, Trento, Italia.}
}

@conference{evibrasil,
  title={Relação entre o índice EVI e dados de precipitação nas áreas de plantio de cana-de-açúcar na região central do Brasil.},
  author={GONÇALVES, R. R. V.; ZULLO JUNIOR, J.; COLTRI, P. P.; AVILA, A. M. H.; AMARAL, B. F.; SOUSA, E. P. M.; ROMANI, L. A. S.},
  pages={1054--1063},
  year={2012b},
  address={4º Simpósio de Geotecnologias no Pantanal - Geopantanal, 2012b, Bonito, MS.},
  publisher={Anais - Geopantanal}
}

@conference{noaa,
  title={Análise da relação entre os perfis de NDVI obtidos dos sensores AVHRR/NOAA e MODIS nas áreas produtoras de cana-de-açúcar em São Paulo.},
  author={GONÇALVES, R. R. V.; ZULLO JUNIOR, J.; MARQUEZINI, O.; AMARAL, B. F.; SOUSA, E. P. M.; ROMANI, L. A. S.},
  pages={640--647},
  year={2013},
  address={XVI Simpósio Brasileiro de Sensoriamento Remoto - SBSR, 2013, Foz do Iguaçu, PR. Anais - SBSR},
  publisher={Anais - SBSR}
}

@article{orbitainpe,
  title={Classificação espectro-temporal de imagens orbitais para o mapeamento da colheita da cana-de-açúcar com queima da palha.},
  author={MELLO, M. P.},
  pages={130},
  year={2009},
  address={São José dos Campos, INPE.},
  publisher={Anais - SBSR}
}

@article{protocloagro,
  title={Análise espacial da redução da queima na colheita da cana-de-açúcar: perspectivas futuras ao cumprimento do protocolo agroambiental.},
  author={NOVAES, M. R.; RUDORFF, B. F. T.; ALMEIDA, C. M.; AGUIAR, D.A. },
  volume={31},
  number={3},
  year={2011}
}

@article{ertsveg,
  title={Monitoring vegetation systems in the great plains with ERTS.},
  author={ROUSE, J.W.; HAAS, R.H.; SCHELL, J.A.; DEERING, D.W.},
  volume={1},
  pages={309--317},
  year={1973},
  address={Earth Resources Technology Satellite-1 Symposium, 3., Washington, 1973.},
  publisher={NASA}
}

@article{landsat,
  title={Studies on the rapid expansion of sugarcane for ethanol production in São Paulo state (Brazil) using Landsat data.},
  author={RUDORFF, B. F. T.; AGUIAR, D. A. D.; SILVA, W. F. D.; SUGAWARA, L. M.; ADAMI, M.; MOREIRA, M. A.},
  volume={2},
  pages={1057--1076},
  year={2010},
  publisher={Anais - SBSR}
}
